2930 4542
206 243 249 328 io
457 270 743 330 nucu-um
786 265 1108 339 Auruncu.

211 401 424 463 COGITANS
441 401 534 463 allicit
554 404 592 488 ad
609 400 688 462 uelle
710 412 827 482 gratum
849 413 900 460 aut
920 373 1000 459 nelle
1015 401 1177 481 ingratum.v

212 509 532 591 Gauurumpuerile,
608 507 824 590 sanguineum,
867 507 1011 583 rubrum,
1113 507 1270 584 oleosum,
1333 559 1336 564 f

398 615 601 699 spongiosum,
611 617 762 695 tepidum,
867 615 960 676 libere
976 615 1103 696 pulsans,
1117 616 1286 692 anhelans,

398 723 521 794 ridens,
614 719 817 800 transpirans,
871 734 1044 800 promtum,
1122 723 1208 783 Vim.

200 825 341 894 Murus
402 811 563 906 juvenilis,
614 826 851 909 phlegmaticus,
871 825 1053 906 pallescens,
1116 827 1267 908 aquosus,

401 932 546 1010 laicos,v
614 932 767 1008 horrens,
871 931 1323 1017 debilepulsans,dyspnoicus,
1449 939 1457 978 ¹

402 1036 576 1115 suffocans,
617 1058 747 1112 cacans,
871 1053 1022 1114 tremens,
1118 1039 1257 1105 Morbus.

213 1145 279 1202 Ina
403 1143 518 1218 virilis,
614 1142 788 1220 cholerica,
873 1125 1015 1216 lutea,⁰
1120 1145 1299 1226 spirituosa,

405 1249 517 1316 strida,
566 1285 568 1292 ,
619 1249 759 1324 fervens,
874 1247 1101 1330 dure-pulsans,
1121 1249 1318 1322 asthmatica,

406 1356 553 1430 stertens,
619 1359 812 1430 miduriens,
878 1358 1060 1438 agitans„
1123 1355 1287 1417 Medicina.

219 1464 361 1524 uturum
405 1464 528 1538 ienilis,
617 1461 866 1538 melancholicus,
877 1476 942 1524 ater
956 1451 968 1540 ,¹
1123 1464 1249 1537 acidus,

408 1571 541 1650 rigidus,
622 1567 771 1650 frigidus,
879 1569 965 1628 tarde
978 1565 1107 1648 pulsans,
1128 1567 1366 1647 orthopnoicus..
1424 1623 1426 1626 ,

409 1675 552 1756 suspirans
564 1709 576 1746 ,·
621 1673 769 1754 obstipans
785 1720 799 1750 ,1
880 1673 1053 1754 quiessem,
1126 1672 1226 1735 Mors.

263 1783 311 1842 Sic
324 1781 470 1842 Gaudium
483 1783 571 1848 bonis
585 1781 712 1856 fruitur,
724 1778 827 1840 Metus
839 1778 909 1864 fuga
921 1781 1026 1862 eripit,
1040 1780 1093 1840 Ira
1106 1780 1194 1840 armis
1206 1776 1367 1853 defendit,
1426 1759 1427 1763 Ἰ

305 1866 416 1926 Maeror
438 1864 537 1926 amissa
561 1865 657 1946 luget.

224 1973 391 2052 ruitum
420 1998 548 2054 Naturae
572 1990 774 2052 manifestatur
794 2011 832 2051 ex
855 1991 949 2068 tribus
974 1997 1102 2052 Naturae
1132 1991 1234 2073 regnis
1261 1987 1371 2049 snnul:

307 2079 553 2152 quemadmodum
568 2078 647 2136 enim
664 2077 877 2154 Imperantium
892 2073 987 2154 cau-lla
1002 2073 1109 2156 Populi
1122 2093 1185 2134 non
1198 2072 1268 2132 sunt
1282 2072 1369 2145 nati,
1456 2139 1457 2142 Ἴ

308 2158 359 2217 sed
378 2159 561 2220 subditorum
580 2159 678 2218 ordini
693 2158 839 2217 servando
854 2161 1037 2236 Imperantes
1053 2155 1225 2230 constituti,
1240 2155 1281 2213 ita
1297 2157 1367 2214 Ve-
1456 2177 1457 2180 ¹

309 2244 482 2318 getalriliom
503 2239 598 2300 cautla
619 2239 769 2298 Animalia
789 2237 979 2320 Phytiphaga
994 2284 1002 2312 ,
1017 2237 1274 2320 phytiphagorum
1287 2239 1370 2297 Car-

308 2323 443 2397 nivora,
469 2325 497 2385 ὅ(
518 2343 555 2382 ex
573 2321 618 2382 his
633 2321 752 2399 Majora
766 2320 805 2380 ob
823 2340 940 2399 parva„
957 2325 1056 2381 Homo
1081 2327 1162 2400 (qua
1180 2317 1309 2396 animal)
1325 2319 1372 2378 ob
1456 2363 1457 2372 ,

309 2408 435 2464 maxima
451 2410 477 2465 t<
493 2404 604 2486 singula
615 2451 624 2477 ,
637 2402 699 2464 sese
713 2422 788 2464 vero.
799 2405 947 2482 praecipue
958 2450 968 2478 ,
979 2402 1056 2464 saeva
1069 2405 1207 2464 mercede
1220 2403 1370 2464 condutta
1456 2441 1457 2466 l

311 2489 504 2567 tyrannidem
522 2500 691 2561 exercent,
715 2499 748 2545 ut
780 2487 947 2566 Pro-portio
971 2485 1162 2548 cunflnitore
1184 2485 1370 2562 Reipublicae
1456 2485 1457 2538 i

283 2634 285 2638 ,
310 2586 426 2630 naturae
445 2585 603 2650 perennet.
627 2567 757 2640 Viciffim
771 2568 874 2649 singuli
894 2563 977 2630 cives
996 2569 1168 2650 conspirant
1181 2569 1212 2628 in
1226 2565 1389 2648 Majella-¹

313 2668 374 2713 tem
394 2655 529 2714 Hominis
549 2650 706 2714 rationalis
726 2651 921 2732 imperantiS‚
944 2651 1028 2733 cujus
1053 2651 1093 2711 eil
1119 2651 1259 2711 summum
1290 2650 1369 2710 Rei-
1456 2707 1457 2730 Ξ

312 2736 440 2816 publicae
464 2738 614 2798 audorern
637 2733 809 2818 agnoscere.
833 2732 978 2796 Amunit.
1001 2734 1102 2795 Acad.
1123 2737 1178 2796 VI.
1201 2754 1230 2812 p.
1257 2747 1307 2814 17.

230 2845 486 2909 RESPUBLICA
510 2847 664 2911 Naturae,
687 2855 828 2919 tanquam
850 2841 937 2920 Aqua
956 2861 973 2902 e
992 2841 1138 2901 Fontibus
1163 2841 1193 2900 in
1215 2837 1373 2914 Rivulos,
1456 2875 1457 2892 1

314 2931 449 3001 Amnes,
472 2925 599 2986 Fluvios
625 2925 662 2983 ad
686 2925 775 2984 Mare
791 2937 938 3000 tranans,
951 2945 967 2984 e
982 2922 1207 2984 numerosissima
1225 2921 1312 2981 Plebe
1338 2923 1369 2982 in
1456 2937 1457 2944 ¹

314 3011 474 3091 pauciores
494 3009 647 3082 Nobiles,
670 3005 910 3086 pauciffimosque
935 3004 1096 3082 Magnetes
1116 3007 1154 3064 ad
1172 3005 1372 3080 imperantem

319 3092 495 3166 adscendit,
514 3096 582 3152 dum
606 3088 755 3150 Animalia
781 3089 925 3159 minima,
951 3108 1075 3149 numero
1090 3133 1100 3163 ,
1118 3089 1149 3147 vi
1172 3089 1370 3166 potentiaque
1456 3139 1457 3142 ,

315 3175 404 3234 facile
418 3173 533 3234 infinita
547 3222 556 3250 ,
570 3177 601 3235 in
620 3173 701 3234 usum
718 3173 828 3232 cedant
851 3170 1034 3247 majoribus,
1056 3169 1251 3231 inertioribus
1261 3216 1270 3240 ,
1282 3167 1372 3248 praes-

275 3265 277 3270 '
316 3258 521 3333 cautioribus,
543 3277 609 3318 cum
641 3268 748 3315 natura
774 3271 924 3332 nunquam
946 3255 1060 3334 magis,
1078 3271 1164 3333 quana
1188 3253 1219 3312 in
1243 3253 1397 3314 minimis·
1456 3261 1457 3264 ’

317 3356 384 3402 tota
407 3339 452 3400 fit.
1064 3342 1069 3346 ’

275 3451 454 3510 Mtursrru
476 3441 619 3516 Politiae,
639 3441 766 3521 propriis
780 3439 887 3500 muniis
902 3438 1035 3520 praefixi,
1048 3453 1097 3500 tot
1116 3440 1182 3503 sunt
1195 3486 1204 3514 ,
1218 3453 1292 3520 quot
1308 3443 1375 3502 ani·
1456 3445 1457 3512 s

316 3527 436 3588 mulium
447 3526 563 3602 Species
575 3571 584 3599 ,
595 3525 699 3605 singoli
712 3526 748 3584 ad
758 3521 855 3584 officia
865 3521 988 3602 pioprio
996 3527 1156 3585 commodo
1163 3523 1258 3584 aliem
1268 3573 1275 3600 ‚
1285 3545 1377 3604 quum-
1436 3516 1438 3529 *

315 3631 356 3670 ex
369 3609 472 3668 labore
488 3607 731 3668 sustentationem
742 3606 822 3666 suam
831 3615 1009 3684 reportent,
1024 3608 1229 3686 nequidquam
1241 3607 1375 3683 deficiat,

319 3693 372 3754 nbi
395 3689 468 3750 nihil
481 3689 746 3770 sirpervacaneum.
763 3693 811 3748 Ne
828 3701 926 3748 autem
941 3688 1016 3750 alter
1034 3689 1155 3750 alterius
1169 3693 1300 3770 negotiis
1315 3692 1377 3752 sese

228 3783 239 3808 ³
317 3773 502 3850 inmisceat,
522 3773 662 3851 simulque
676 3771 787 3832 lucrum
801 3770 888 3830 alteri
900 3775 1070 3851 praeripiat,
1092 3771 1143 3832 sub
1155 3791 1243 3852 poena
1255 3774 1379 3854 capitali*
1456 3799 1457 3838 ὲ

228 3843 235 3862 ’
317 3862 431 3921 sancita
444 3856 505 3916 Lex
519 3855 726 3934 veneni,ips1s
740 3853 1042 3936 sentibus,0lfadus
1062 3856 1377 3934 inprinris&Gustus,

321 3943 488 4026 inscripta,
508 3961 547 4002 ne
566 3935 1000 4023 transgressores‘excusabiles
1021 3940 1200 4002 evaderent.
