2930 4542
1269 297 1401 368 ir'

121 471 124 476 ·
172 433 304 524 semper
338 431 535 506 curarissrme
567 429 815 520 definientem,
840 425 1005 522 posteris,
1029 437 1103 518 'quae-
1124 417 1312 506 emendari

172 549 322 636 addique
339 547 460 638 possint
481 546 624 622 stabilito
656 552 721 636 jam
756 543 916 634 edificio,
942 543 1208 643 relinquentem,
1234 547 1306 632 quis

173 661 400 754 vituperabit,
426 685 482 734 aut
505 685 597 734 extra
621 661 724 748 ,officii
752 661 798 756 sui
832 662 982 752 regiones
1009 681 1163 750 vagatum
1190 657 1308 762 dicet,

175 804 275 866 quum
300 797 427 850 tantum
454 799 599 860 tentaret
622 777 727 866 opus!
752 777 850 854 Adde
872 777 966 864 quod
983 773 1132 866 plurima
1141 780 1307 846 &emon-¹
1375 843 1384 861 ,

176 895 376 970 dationes&
398 891 597 976 accesllones
623 919 643 962 a
671 891 775 988 dignis
799 898 892 972 tanto
915 892 1127 981 Ptaeceptore
1146 887 1308 980 discipulis
1338 927 1361 978 ι,

157 1045 162 1056 ·
177 991 450 1099 proficiscantur.

221 1118 334 1210 Quum
359 1147 378 1201 a
405 1121 601 1222 dupdecima
628 1119 813 1208 systematis
840 1140 959 1195 namra
989 1114 1138 1192 editione
1166 1140 1309 1209 quatuor

173 1221 263 1312 lam
271 1239 305 1306 st
328 1234 412 1306 ultra
439 1234 548 1325 elapsa
572 1232 634 1304 smt
657 1233 757 1306 lustra
771 1235 973 1322 ,conjundis
994 1257 1044 1306 tot
1076 1256 1311 1322 tantorumque

175 1369 297 1422 uaturae
325 1347 540 1438 scrutatorum
562 1347 729 1426 indefessis
757 1347 890 1434 studiis,
911 1347 1093 1434 scrutiniis,
1114 1345 1312 1431 itineribus,

175 1486 251 1539 ιιοιι
267 1459 373 1550 potuit
395 1486 461 1536 non
481 1457 580 1549 sieri,
605 1459 683 1550 q'uin
698 1462 848 1549 quotidie
859 1461 932 1559 fere
946 1485 1033 1532 nova
1046 1461 1313 1550 detegerentur,

174 1571 279 1662 atque
303 1573 389 1644 adeo
403 1573 579 1650 cresceret
602 1601 777 1665 corporum
802 1572 999 1644 naturalium
1020 1572 1226 1661 cognitorum
1250 1593 1313 1638 nu·

169 1713 310 1777 merus,
331 1711 390 1774 ut,
419 1692 468 1766 his
496 1693 537 1761 ad
572 1692 703 1762 ordines
736 1695 769 1762 δι
797 1697 932 1780 gene'ra
952 1687 1008 1759 sua
1031 1687 1312 1774 relatis‚uovam
1366 1667 1377 1688 ⁸

175 1801 269 1894 quafi
294 1805 414 1880 faciem
434 1807 587 1876 indueret
614 1828 734 1883 natura
750 1804 915 1894 systema,
935 1805 1022 1894 quod
1041 1803 1175 1893 quidem
1188 1823 1312 1872 nomen

177 1919 238 1990 suo'
256 1922 351 2010 operi
374 1921 549 2010 imponere
571 1918 693 2010 placuit
720 1919 758 1988 Β.
786 1919 940 1988 Linnaeo.
1327 1895 1337 1915 ⁸

223 2032 305 2102 Non
330 2033 480 2104 inutilem
497 2033 613 2126 ideo,
637 2057 701 2102 nec
729 2033 891 2120 ingratam
926 2053 1121 2112 navaturum
1152 2057 1207 2102 me
1241 2027 1313 2107 esse

180 2172 315 2236 operam
335 2145 455 2238 spero,
479 2149 556 2218 dum
572 2145 756 2237 bibliopola
771 2146 874 2217 ‘etiam
890 2145 1061 2220 desideriis
1078 2131 1311 2241 satisfadurus,

97 2297 103 2310 ·
179 2285 303 2330 novam
318 2263 427 2346 hanc,
452 2267 484 2332 &
511 2261 720 2354 posterorum
742 2257 907 2338 laboribus
922 2265 1050 2360 audam¹
1062 2265 1188 2355 egregii
1196 2269 1312 2355 operis

154 2371 359 2458 ¹(sditionem
398 2371 500 2468 sisto,
533 2399 648 2464 parum
685 2395 864 2474 mutatam,
888 2371 914 2446 s1
941 2376 1062 2446 faciem
1092 2381 1126 2448 &
1160 2379 1313 2448 ordinem

177 2482 321 2612 spedas,
341 2501 411 2560 non
435 2485 495 2559 nist
518 2491 601 2560 duce
625 2489 774 2584 principe
793 2490 961 2576 quodam,
982 2513 1023 2558 ex
1037 2489 1158 2560 linnaei
1180 2489 1313 2578 praser-

124 2657 132 2664 .
176 2594 241 2668 tim
261 2597 448 2698 discipulis,
471 2601 567 2690 viro,
584 2599 789 2676 &suadente
815 2623 931 2675 natura
954 2599 1021 2692 ipsa
1036 2601 1203 2672 hincinde
1229 2601 1311 2672 alte·
1385 2695 1387 2699 ι

176 2732 316 2798 ratum,
329 2710 385 2783 sed
411 2715 574 2786 recentius
601 2715 745 2794 inventis
765 2741 803 2786 ac
825 2717 959 2791 desertis
984 2717 1159 2808 generibus
1179 2720 1212 2787 ὅ(
1239 2713 1312 2804 spe-

177 2823 314 2914 ciebus,
321 2825 384 2898 suo
399 2824 528 2918 singulis
549 2827 623 2900 loco
637 2828 761 2903 insertis
778 2829 992 2926 ,multopere
1008 2833 1133 2902 audam
1143 2830 1310 2928 ,amplio-

179 2941 288 3030 ribus,
315 2965 361 3018 ex
381 2941 589 3036 posterorum
612 2942 776 3028 laboribus
795 2943 916 3028 haustis
937 2942 1205 3035 descriptionibus
1221 2958 1362 3044 aque

181 3062 219 3126 ac
231 3027 421 3146 synonymis
430 3055 546 3145 passtm
559 3055 819 3148 locupletatam,
836 3083 878 3129 ex
890 3078 1100 3148 autoptatum
1117 3055 1311 3130 testimoniis

180 3163 450 3244 &curatioribus
474 3171 648 3243 scrutiniis
660 3175 883 3244 emendatam.

229 3278 410 3384 Congesst'
402 3286 498 3375 igitur
517 3289 550 3358 δι
571 3283 703 3376 digeffi,
719 3311 915 3376 quacunque
928 3288 968 3357 ad
982 3289 1070 3387 bunc
1082 3309 1195 3358 meum
1208 3243 1313 3358 finem
1346 3365 1348 3369 ⁸

182 3399 296 3470 facere
322 3421 499 3489 poterant,
530 3398 721 3474 vastissimo
743 3400 927 3504 librorum,
953 3429 1018 3491 quo
1047 3401 1151 3492 Regia
1175 3399 1312 3472 Munisi
1332 3445 1338 3462 ι

169 3513 294 3597 'centia
317 3516 403 3598 hanc
416 3513 579 3587 musarum
601 3513 713 3586 sedem
740 3515 935 3602 exornavit,
952 3513 1136 3606 thesauro,
1161 3517 1312 3594 &amica

85 3670 88 3676 ,
181 3651 320 3714 eorum,
354 3625 409 3714 qui
420 3640 425 3668 ³
434 3624 518 3697 *huic
544 3628 803 3704 administrando
831 3629 988 3719 presunt,
1011 3623 1140 3720 opera,
1169 3625 1310 3700 mirifice

180 3744 334 3830 adjutus;
356 3737 383 3810 fi
408 3741 502 3830 quis,
526 3743 592 3814 hie,
601 3748 693 3814 nicus
716 3741 808 3840 labor
832 3743 906 3832 est,
929 3747 1078 3834 quamvis
1111 3747 1181 3832 eius
1207 3745 1310 3816 etiam
1334 3775 1337 3781 ·
1402 3834 1409 3842 ι

178 3846 312 3954 partera
336 3881 405 3941 non
430 3857 580 3955 cxigtiam
600 3859 636 3932 in
658 3855 793 3942 historia
815 3857 949 3996 quidem
968 3858 1194 3947 ‘mammalium
1215 3861 1306 3943 ordi·
