2930 4542
427 285 711 349 annuunt
755 247 1090 344 normann
1274 295 1315 344 ιι

222 421 477 481 Oeantmortas
501 421 628 478 Naturae
648 413 814 476 incolarum
827 413 983 494 praecipuae
1002 413 1092 473 sunt:

268 540 295 584 1.
309 521 518 600 Multiplirare
534 523 660 604 speciem
677 565 686 593 ,
706 504 745 581 ut
759 519 892 602 negotiis
913 517 1069 578 sufficiant.

267 626 511 712 2.AEpuilidrium
522 631 600 691 inter
609 629 722 709 species
732 626 911 688 Animalium
921 621 1177 707 &Vegetabilium
1186 620 1322 698 servare,

309 727 343 773 ut
365 715 523 796 proportio
545 727 701 794 perennet.
728 737 735 750 ·

268 819 434 882 Detondere
454 823 614 900 quotannis
629 815 844 902 Vegetabilia‚
865 829 900 878 ut
918 827 1086 878 renovetur
1103 832 1213 874 annunt
1229 809 1322 873 thea-

311 911 400 964 trum.

273 1012 411 1073 coercere
432 1031 586 1088 erronea,
604 1033 643 1075 ne
662 1009 849 1093 expellantur
865 1006 1009 1092 legitima.

271 1117 402 1198 Auferre
414 1115 573 1198 languida,
586 1132 703 1178 mortua
717 1163 726 1188 ,
739 1118 904 1190 immunda,
918 1115 1128 1196 conspurcare,
1141 1112 1307 1196 stagnantia
1314 1155 1329 1187 ,

313 1202 398 1262 acida
420 1203 448 1261 ὅ(
467 1201 605 1281 putrida,
620 1215 654 1260 ut·
671 1203 752 1261 nitor
774 1201 849 1262 aulae
870 1199 995 1282 fulgeat.

274 1327 304 1392 3.
329 1309 488 1368 Vindicate
508 1307 537 1368 se
557 1305 636 1386 ipsos
659 1305 697 1366 ab
715 1308 860 1381 interitu,
874 1326 913 1368 ne
933 1321 1023 1369 vacet
1042 1306 1266 1368 administratio.

233 1479 429 1539 OEcottonttn
443 1475 572 1534 Naturae
587 1471 722 1534 versatur
740 1473 818 1534 circa
840 1476 951 1533 Rerum
975 1471 1224 1545 Generarionem,
1251 1467 1330 1531 Con-

308 1557 503 1633 servationem
516 1601 526 1628 ,
543 1554 769 1630 Defirrtc'sionem
781 1603 790 1629 ,
802 1571 837 1616 ut
849 1575 924 1635 opus
937 1557 1091 1618 Creatoris
1104 1554 1250 1616 illibatum
1261 1575 1332 1636 per-

266 1696 269 1714 ,
317 1638 417 1712 sistat,
439 1641 475 1698 ad
498 1640 579 1717 quod
597 1651 662 1698 tota
683 1639 833 1720 conspirat
851 1643 993 1700 Natura:

281 1721 431 1782 Generum
451 1721 550 1782 calido
572 1720 713 1802 sanguine
727 1769 736 1798 ‚
750 1742 804 1802 pro
816 1725 1017 1796 educatione,
1034 1721 1162 1782 aliorum
1173 1741 1244 1794 cura
1256 1739 1338 1800 opus

318 1805 430 1865 habent
444 1825 452 1879 3
475 1821 601 1884 cumque
616 1807 745 1866 Creator
760 1827 822 1866 non
842 1808 1075 1867 remunerandus
1087 1808 1173 1886 primi
1185 1805 1334 1865 individui

320 1907 422 1948 curem
442 1887 547 1967 gessit,
572 1887 734 1966 depolitum
759 1887 818 1949 ltoc
842 1888 972 1950 transeat
991 1889 1070 1948 linea
1088 1889 1282 1950 descendenti
1295 1885 1335 1944 ad

320 1985 407 2030 natos
420 1993 437 2042 ,·
452 1970 503 2053 qui
521 1970 551 2029 id
574 1973 690 2048 parenti
713 1990 775 2030 non
797 1974 936 2031 reddunt.

282 2049 469 2126 conservatio
492 2053 670 2131 quotidiano
692 2053 854 2122 alimento,
883 2053 932 2113 sed
949 2053 1009 2112 late
1029 2050 1180 2132 disperso,
1198 2054 1340 2127 adeoque·

321 2136 448 2216 impigre
468 2136 630 2213 quaerendo
646 2155 654 2209 3
668 2133 705 2196 fic
723 2139 827 2196 Fames
843 2134 983 2217 dispergit
997 2155 1050 2216 per
1070 2136 1174 2196 orbem
1193 2155 1254 2209 ea,
1272 2151 1339 2212 quae

321 2221 426 2279 Venus
449 2231 614 2278 convocat.

281 2296 439 2380 Destrur'lio
455 2301 542 2361 unius
556 2298 590 2359 fir
607 2299 729 2360 alterins
745 2303 920 2384 reparatio,
941 2321 1006 2374 cum
1022 2299 1230 2362 deficientibus
1244 2299 1339 2359 cada-

322 2384 446 2446 veribus
466 2382 618 2443 laborioso
637 2395 748 2444 venatu
761 2384 969 2445 sustentabitur
985 2386 1047 2445 vita
1063 2387 1134 2460 ,Sic
1152 2384 1267 2463 Rapina
1286 2401 1341 2441 re-

325 2485 392 2526 rum
412 2467 544 2526 omnium
563 2464 626 2539 eil,
650 2485 735 2544 quam
751 2469 860 2543 annin,
880 2469 1071 2528 munimentis
1086 2513 1094 2540 ‚
1109 2482 1194 2527 motu
1214 2461 1341 2526 diverti-

323 2549 442 2624 modo,
458 2547 610 2627 halituque
630 2549 752 2610 eludant
771 2551 926 2612 vivaciora
941 2597 952 2624 ,
967 2553 1035 2610 dum
1048 2549 1187 2631 languida
1201 2548 1340 2609 succum-

326 2631 442 2774 plant&
460 2632 620 2712 vegetiora
632 2633 663 2692 in
678 2649 762 2694 motu
777 2632 914 2696 festinent
927 2679 939 2708 ,
955 2648 988 2694 ut
1001 2653 1079 2714 opus
1087 2646 1202 2693 naturae
1214 2631 1342 2712 pereuni

350 2731 405 2774 ore
433 2715 540 2776 rideat.

249 2881 473 2940 lmeutsonns
488 2882 715 2941 Natura-etiam
736 2880 849 2961 praeftxi
862 2883 899 2942 ad
910 2883 1011 2942 munia
1023 2894 1140 2961 promte
1153 2879 1347 2960 peragenda:

295 2961 397 3021 Venus
416 2963 524 3024 blanda
544 2965 580 3022 ad
604 2963 890 3044 Multiplicationem
910 2980 1064 3025 convocat
1079 2966 1261 3041 irritatque,

289 3044 397 3104 Fames
422 3065 512 3106 avara
537 3046 573 3105 ad
596 3047 866 3108 contervationem
887 3047 1028 3129 dispergit
1047 3045 1276 3125 sollicitatque,

291 3123 389 3186 Dolor
416 3145 504 3189 atrox
523 3130 560 3188 ad
579 3127 816 3192 Deslrudlionem
848 3131 983 3190 concitat
1002 3130 1206 3211 repellitque‚

334 3229 433 3290 neque
450 3211 482 3270 hi
506 3210 566 3270 sine
587 3213 732 3272 Numine.

211 3369 364 3438 DIVlSIO
386 3375 541 3436 Naturalis
561 3359 742 3438 Animalium
768 3377 805 3440 ab
829 3379 949 3440 interna
971 3335 1111 3440 strudura
1127 3353 1292 3440 indicatur:

253 3509 331 3568 Cott
354 3505 520 3569 biloculare
533 3554 542 3582 ,
556 3507 738 3584 biauritnm5
771 3510 946 3670 {viviparis
1121 3509 1352 3571 Mommolibua,

287 3585 445 3668 ''Sanguine
467 3590 590 3663 calido,
615 3591 717 3652 rubro.
804 3593 939 3674 oviparis
1123 3595 1252 3655 Aristus.

253 3699 329 3758 Con
342 3697 532 3758 unilo-culare
542 3745 550 3772 ‚
559 3701 753 3776 uniaurittum
807 3701 948 3778 pulmone
960 3699 1309 3778 arbitrarioAmplribiis.

298 3779 452 3855 Sanguine
475 3775 583 3862 frigido
597 3781 723 3857 ,rubro
773 3707 957 3858 {branchiis
971 3783 1104 3846 externis
1126 3785 1266 3860 Piscibus.

259 3885 334 3944 COR
347 3881 557 3958 ttniloculare‚
571 3885 745 3967 inauritum3
809 3891 977 3950 antennatis
1127 3888 1259 3962 Inferiis,

298 3963 392 4028 Sanie
412 3965 544 4050 frigida,
560 3965 667 4031 albida.¹
777 3899 1001 4048 {tentaculatis
1130 3971 1300 4038 Vermidus.
